 @misc{ wiki:lol,
   author = "Wikipedia",
   title = "Wärmestrom --- Wikipedia{,} Die freie Enzyklopädie",
   year = "2017",
   url = "https://de.wikipedia.org/w/index.php?title=W%C3%A4rmestrom&oldid=167784950",
   note = "[Online; Stand 18. August 2019]"
 }